% bericht.bib

@BOOK{knuth84,
    AUTHOR    = "Knuth, Donald E.",
    TITLE     = "The \TeX{}book",
    PUBLISHER = "Addison-Wesley",
    YEAR      = 1984
}